<record><leader>00000cas a2200000 a 4500</leader><controlfield tag="001">31176777</controlfield><controlfield tag="007">hd afu---baca</controlfield><controlfield tag="008">940926d19241958nbuwr nea     0    0eng c</controlfield><datafield ind1=" " ind2=" " tag="010"><subfield code="a">sn 94056341 </subfield></datafield><datafield ind1=" " ind2=" " tag="040"><subfield code="a">NVG</subfield><subfield code="b">eng</subfield><subfield code="c">NVG</subfield><subfield code="d">OCLCQ</subfield><subfield code="d">OCLCF</subfield><subfield code="d">OCLCO</subfield></datafield><datafield ind1="1" ind2=" " tag="029"><subfield code="a">AU@</subfield><subfield code="b">000011305695</subfield></datafield><datafield ind1=" " ind2=" " tag="042"><subfield code="a">pcc</subfield></datafield><datafield ind1=" " ind2=" " tag="043"><subfield code="a">n-us-nb</subfield></datafield><datafield ind1="0" ind2="4" tag="245"><subfield code="a">The Wisner news-chronicle</subfield><subfield code="h">[microform].</subfield></datafield><datafield ind1="1" ind2="3" tag="246"><subfield code="a">News-chronicle</subfield></datafield><datafield ind1=" " ind2=" " tag="260"><subfield code="a">Wisner, Neb. :</subfield><subfield code="b">H.H. Humphreys,</subfield><subfield code="c">-1958.</subfield></datafield><datafield ind1=" " ind2=" " tag="300"><subfield code="a">v.</subfield></datafield><datafield ind1=" " ind2=" " tag="310"><subfield code="a">Weekly</subfield></datafield><datafield ind1="1" ind2=" " tag="362"><subfield code="a">Began in 1924.</subfield></datafield><datafield ind1="0" ind2=" " tag="362"><subfield code="a">-71st year, no. 22 (Oct. 23, 1958).</subfield></datafield><datafield ind1=" " ind2=" " tag="500"><subfield code="a">Issues for Nov. 3-Dec. 9, 1927 called News-chronicle.</subfield></datafield><datafield ind1=" " ind2=" " tag="515"><subfield code="a">5th year, no. 40-6th year, no. 36 called also old v. 43, no. 34-old v. 45, no. 20.</subfield></datafield><datafield ind1=" " ind2=" " tag="515"><subfield code="a">Numbering dropped with Oct. 17, 1929 issue and resumed on Nov. 14, 1929 with v. 45, no. 25.</subfield></datafield><datafield ind1=" " ind2=" " tag="580"><subfield code="a">Formed by the union of: Wisner news, and: Wisner chronicle.</subfield></datafield><datafield ind1=" " ind2=" " tag="580"><subfield code="a">Absorbed: Beemer times, 1947; and Bancroft blade (Bancroft, Neb. : 1930), 1954.</subfield></datafield><datafield ind1=" " ind2=" " tag="588"><subfield code="a">Description based on: 1st year, no. 15 (May 22, 1924).</subfield></datafield><datafield ind1=" " ind2=" " tag="533"><subfield code="a">Microfilm.</subfield><subfield code="b">Wooster, Ohio :</subfield><subfield code="c">Bell &amp; Howell.</subfield><subfield code="e">15 microfilm reels ; 35 mm.</subfield></datafield><datafield ind1=" " ind2="0" tag="651"><subfield code="a">Wisner (Neb.)</subfield><subfield code="v">Newspapers.</subfield></datafield><datafield ind1=" " ind2="0" tag="651"><subfield code="a">Cuming County (Neb.)</subfield><subfield code="v">Newspapers.</subfield></datafield><datafield ind1=" " ind2="7" tag="655"><subfield code="a">Newspapers.</subfield><subfield code="2">fast</subfield><subfield code="0">(OCoLC)fst01423814</subfield></datafield><datafield ind1=" " ind2="7" tag="651"><subfield code="a">Nebraska</subfield><subfield code="z">Cuming County.</subfield><subfield code="2">fast</subfield><subfield code="0">(OCoLC)fst01224243</subfield></datafield><datafield ind1=" " ind2="7" tag="651"><subfield code="a">Nebraska</subfield><subfield code="z">Wisner.</subfield><subfield code="2">fast</subfield><subfield code="0">(OCoLC)fst01256183</subfield></datafield><datafield ind1=" " ind2=" " tag="752"><subfield code="a">United States</subfield><subfield code="b">Nebraska</subfield><subfield code="c">Cuming</subfield><subfield code="d">Wisner.</subfield></datafield><datafield ind1="1" ind2="4" tag="780"><subfield code="t">Wisner news</subfield></datafield><datafield ind1="1" ind2="4" tag="780"><subfield code="t">Wisner chronicle</subfield><subfield code="w">(DLC)sn 94056340</subfield></datafield><datafield ind1="1" ind2="5" tag="780"><subfield code="t">Beemer times</subfield><subfield code="w">(DLC)sn 94056339</subfield></datafield><datafield ind1="1" ind2="5" tag="780"><subfield code="t">Bancroft blade (Bancroft, Neb. : 1930)</subfield><subfield code="w">(DLC)sn 94056337</subfield></datafield><datafield ind1="0" ind2="0" tag="785"><subfield code="t">News-chronicle (Wisner, Neb.)</subfield><subfield code="w">(DLC)sn 94056342</subfield></datafield></record>